@ARTICLE{Egorov_Markov_article,
    AUTHOR="Егоров В.Н. and Марков А.И.",
    TITLE="О гипотезе Адама для графов с циркулянтными матрицами смежности вершин",
    JOURNAL="ДАН СССР, т. 249, № 3",
    PAGES="529-532",
    YEAR="1979",
    LANGUAGE="russian"
}
@ARTICLE{Eugene_article,
    AUTHOR="Eugene M. Luks",
    TITLE="Isomorphism of graphs of bounded valence can be tested in polynomial time",
    JOURNAL="Journal of Computer and System Sciences",
    PAGES="25:42-64",
    YEAR="1982"
}
@BOOK{Reingold,
    AUTHOR="Э. Рейнгольд and Ю. Нивергельт and Н. Део",
    TITLE="Комбинаторыне алгоритмы. Теория и практика",
    PUBLISHER="Мир, Москва",
    YEAR="1980",
    LANGUAGE="russian"
}
@ARTICLE{Egorov_article,
    AUTHOR="Егоров В.Н. and Егоров А.В.",
    TITLE="Группы автоморфизмов и изоморфизм комбинаторных объектов и
алгебраических структур",
    JOURNAL="Ломоносовские
чтения, Научная конференция, Москва, факультет ВМК МГУ имени
М.В.Ломоносова",
	LANGUAGE="russian"
}
@ARTICLE{Egorov_article_2,
    AUTHOR="Егоров В.Н.",
    TITLE="О группах автоморфизмов матриц",
    JOURNAL="Прикладная дискретная математика",
    LANGUAGE="russian"
}
@BOOK{Cormen,
    AUTHOR="Томас Кормен and Чарльз Лейзерсон and Рональд Ривест and Клиффорд Штайн",
    TITLE="Алгоритмы: построение и анализ.",
    LANGUAGE="russian"
}
@BOOK{Voevodin_book_1,
    AUTHOR="Воеводин В.В.",
    TITLE="Математические основы параллельных вычислений",
    PUBLISHER="Изд. Моск. ун-та",
    YEAR="1991",
    LANGUAGE="russian"
}
@BOOK{Voevodin_book_2,
    AUTHOR="Воеводин В.В. and Воеводин Вл.В.",
    TITLE="Параллельные вычисления",
    PUBLISHER="БХВ - Петербург",
    YEAR="2002",
    LANGUAGE="russian"
}
@ARTICLE{Voevodin_article_1,
    AUTHOR="Воеводин Вл. and Жуматий С. and Соболев С. and Антонов А. and Брызгалов П. and Никитенко Д. and Стефанов К. and Воеводин Вад.",
    TITLE="Практика суперкомпьютера «Ломоносов»",
    JOURNAL="Открытые системы",
    YEAR="2012",
    LANGUAGE="russian"
}