@incollection{panchenko2016human,
title={Human and Machine Judgements for Russian Semantic Relatedness},
author={Panchenko, Alexander and Ustalov, Dmitry and Arefyev, Nikolay and Paperno, Denis and Konstantinova, Natalia and Loukachevitch, Natalia and Biemann, Chris},
booktitle={Analysis of Images, Social Networks and Texts (AIST'2016)},
year={2016},
publisher={Springer}
}