@ARTICLE{ArtMain_Egorov,
    AUTHOR="Егоров, В.Н. and Егоров, А.В.",
    TITLE="Группы автоморфизмов и изоморфизм комбинаторных объектов и
алгебраических структур",
    JOURNAL="Ломоносовские
чтения, Научная конференция, Москва, факультет ВМК МГУ имени
М.В.Ломоносова",
	LANGUAGE="russian",
	YEAR="2016"
}
@ARTICLE{ArtCircul_EgorovMarkov,
    AUTHOR="Егоров, В.Н. and Марков, А.И.",
    TITLE="О гипотезе Адама для графов с циркулянтными матрицами смежности вершин ДАН СССР",
    JOURNAL="Доклады Академии наук",
    PAGES="529--532",
    YEAR="1979",
    VOLUME={249},
    NUMBER={3},
    ISSN={0869-5652},
    publisher = {М.},
    address = {М.},
    LANGUAGE="russian"
}
@ARTICLE{CanocialLabeling_Babai,
	AUTHOR="László Babai and Eugene M. Luks.",
	TITLE="Canonical labeling of graphs.",
	JOURNAL="In Proceedings of STOC",
	PAGES="171–183",
	YEAR="1983"
}
@ARTICLE{Babai15,
  author    = {L{\'{a}}szl{\'{o}} Babai},
  title     = {Graph Isomorphism in Quasipolynomial Time},
  journal   = {CoRR},
  volume    = {abs/1512.03547},
  year      = {2015},
  url       = {http://arxiv.org/abs/1512.03547},
  archivePrefix = {arXiv},
  eprint    = {1512.03547},
  timestamp = {Wed, 07 Jun 2017 14:40:32 +0200},
  biburl    = {https://dblp.org/rec/bib/journals/corr/Babai15},
  bibsource = {dblp computer science bibliography, https://dblp.org}
}
@ARTICLE{Babai18,
  author    = {L{\'{a}}szl{\'{o}} Babai},
  title     = {Groups, Graphs, Algorithms: The Graph Isomorphism Problem},
  year      = {2018},
  url       = {http://people.cs.uchicago.edu/~laci/papers/icm18.pdf},
}
@ARTICLE{Srg_Daniel,
	AUTHOR="Daniel A. Spielman",
	TITLE="Faster isomorphism testing of strongly regular graphs.",
	JOURNAL="Proceedings of the twenty-eighth annual ACM symposium on Theory of computing",
	PAGES="576-584 ",
	YEAR="1996"
}
@ARTICLE{ArtBoundValence_Luks,
    AUTHOR="Eugene M. Luks",
    TITLE="Isomorphism of graphs of bounded valence can be tested in polynomial time",
    JOURNAL="Journal of Computer and System Sciences",
    PAGES="25:42-64",
    YEAR="1982"
}
@BOOK{Book_Reingold,
    AUTHOR="Рейнгольд, Э. and Нивергельт, Ю. and Део, Ю.",
    TITLE="Комбинаторыне алгоритмы. Теория и практика",
    PUBLISHER="Мир, Москва",
    YEAR="1980",
    LANGUAGE="russian"
}
@ARTICLE{ArtSrg_Babai,
    AUTHOR="László Babai",
    TITLE="On the complexity of canonical labeling of strongly regular graphs",
    JOURNAL="SIAM, J. Comput. 9(1)",
    YEAR="1980"
}
@ARTICLE{Goldberg,
    AUTHOR="Goldberg, M.K.",
    TITLE="A nonfactorial algorithm for testing isomorphism of two graphs",
    JOURNAL="Discrete Appl. Math., 6",
    PAGES="229–236",
    YEAR="1983"
}
@ARTICLE{Egorov_article_2,
    AUTHOR="Егоров, В.Н.",
    TITLE="О группах автоморфизмов матриц",
    JOURNAL="Прикладная дискретная математика",
    LANGUAGE="russian",
    YEAR="2010"
}
@BOOK{Cormen,
    AUTHOR="Томас Кормен and Чарльз Лейзерсон and Рональд Ривест and Клиффорд Штайн",
    TITLE="Алгоритмы: построение и анализ.",
    LANGUAGE="russian"
}
@BOOK{Voevodin_book_1,
    AUTHOR="Воеводин, В.В.",
    TITLE="Математические основы параллельных вычислений",
    PUBLISHER="Изд. Моск. ун-та",
    YEAR="1991",
    LANGUAGE="russian"
}
@BOOK{Voevodin_book_2,
    AUTHOR="Воеводин, В.В. and Воеводин, Вл.В.",
    TITLE="Параллельные вычисления",
    PUBLISHER="БХВ - Петербург",
    YEAR="2002",
    LANGUAGE="russian"
}
@ARTICLE{Voevodin_article_1,
    AUTHOR="Воеводин, Вл. and Жуматий, С. and Соболев, С. and Антонов, А. and Брызгалов, П. and Никитенко, Д. and Стефанов, К. and Воеводин, Вад.",
    TITLE="Практика суперкомпьютера «Ломоносов»",
    JOURNAL="Открытые системы",
    YEAR="2012",
    LANGUAGE="russian"
}